<?xml version="1.0" encoding="UTF-8"?>
<Document xmlns="urn:iso:std:iso:20022:tech:xsd:pacs.008.001.08"
	xmlns:xs="http://www.w3.org/2001/XMLSchema">
	<FIToFICstmrCdtTrf>
		<GrpHdr>
			<MsgId>MSID432388</MsgId>
			<CreDtTm>2018-07-30T10:00:52Z</CreDtTm>
			<NbOfTxs>1</NbOfTxs>
			<TtlIntrBkSttlmAmt Ccy="SEK">50</TtlIntrBkSttlmAmt>
			<IntrBkSttlmDt>2018-07-30</IntrBkSttlmDt>
			<SttlmInf>
				<SttlmMtd>INDA</SttlmMtd>
			</SttlmInf>
			<PmtTpInf>
				<SvcLvl>
					<Cd>SEPA</Cd>
				</SvcLvl>
				<LclInstrm>
					<Cd>INST</Cd>
				</LclInstrm>
			</PmtTpInf>
		</GrpHdr>
		<CdtTrfTxInf>
			<PmtId>
				<EndToEndId>E2EITMRID000301</EndToEndId>
				<TxId>MSID432388</TxId>
			</PmtId>
			<IntrBkSttlmAmt Ccy="SEK">50</IntrBkSttlmAmt>
			<AccptncDtTm>2018-07-30T10:00:52Z</AccptncDtTm>
			<ChrgBr>SLEV</ChrgBr>
			<Dbtr>
				<Nm>DebtorName</Nm>
			</Dbtr>
			<DbtrAcct>
				<Id>
					<IBAN>IT60X0542811101000000654321</IBAN>
				</Id>
			</DbtrAcct>
			<DbtrAgt>
				<FinInstnId>
					<BICFI>PBBKITRRXXX</BICFI>
				</FinInstnId>
			</DbtrAgt>
			<CdtrAgt>
				<FinInstnId>
					<BICFI>PBBKITRR002</BICFI>
				</FinInstnId>
			</CdtrAgt>
			<Cdtr>
				<Nm>BeneficiaryName</Nm>
			</Cdtr>
			<CdtrAcct>
				<Id>
					<IBAN>IT60X0542811101000000123456</IBAN>
				</Id>
			</CdtrAcct>
		</CdtTrfTxInf>
	</FIToFICstmrCdtTrf>
</Document>